<record xmlns="http://www.loc.gov/MARC21/slim" xmlns:xsi="http://www.w3.org/2001/XMLSchema-instance" xsi:schemaLocation="http://www.loc.gov/MARC21/slim http://www.loc.gov/standards/marcxml/schema/MARC21slim.xsd">

  <leader>00555nam a2200181Ia 4500</leader>
  <datafield ind1=" " ind2=" " tag="999">
    <subfield code="c">1561</subfield>
    <subfield code="d">1561</subfield>
  </datafield>
  <controlfield tag="008">180226b1986    cr ||||| |||| 00| | spa d</controlfield>
  <datafield tag="090" ind1=" " ind2=" ">
    <subfield code="a">06.02.01 </subfield>
    <subfield code="b">515</subfield>
  </datafield>
  <datafield tag="100" ind1="1" ind2=" ">
    <subfield code="a">Castillo O.,  Emilce</subfield>
    <subfield code="9">3411</subfield>
  </datafield>
  <datafield tag="245" ind2="0" ind1="1">
    <subfield code="a">Características filosóficas y curriculares de la educación costarricense en el año 2000 </subfield>
  </datafield>
  <datafield tag="260" ind1=" " ind2=" ">
    <subfield code="a">San José, Costa Rica :</subfield>
    <subfield code="b"> [s.n.], </subfield>
    <subfield code="c">1986</subfield>
  </datafield>
  <datafield tag="300" ind2=" " ind1=" ">
    <subfield code="a">25 páginas</subfield>
  </datafield>
  <datafield tag="650" ind2="4" ind1="1">
    <subfield code="a">EDUCACIÓN</subfield>
    <subfield code="9">1</subfield>
  </datafield>
  <datafield tag="650" ind2="4" ind1="1">
    <subfield code="a">CURRÍCULO (EDUCACIÓN)</subfield>
    <subfield code="9">342</subfield>
  </datafield>
  <datafield ind1="1" ind2="4" tag="650">
    <subfield code="a">FILOSOFÍA DE LA EDUCACIÓN </subfield>
    <subfield code="9">21</subfield>
  </datafield>
  <datafield ind2=" " ind1="1" tag="700">
    <subfield code="a">Escalante A., Jorge</subfield>
    <subfield code="9">3412</subfield>
  </datafield>
  <datafield tag="700" ind2=" " ind1="1">
    <subfield code="a">Navarro Tosi, German</subfield>
    <subfield code="9">3413</subfield>
  </datafield>
  <datafield ind1="1" ind2=" " tag="700">
    <subfield code="a">Quesada, Anabella</subfield>
    <subfield code="9">3414</subfield>
  </datafield>
  <datafield tag="942" ind1=" " ind2=" ">
    <subfield code="2">z</subfield>
    <subfield code="c">01</subfield>
  </datafield>
</record>